@Book{fx,
author = {xf},
title = {axfas},
publisher = {fxew},
year = {xcads},
}
