% Toto je soubor s použitou literaturou
% Zde je třeba vložit použitou literaturu a poté použít BibTeX

% BibTeX je třeba spustit po každé změně tohoto souboru!
% Po každém spuštění BibTeXu je třeba nejméně jednou spustit překlad!

% Každý záznam začíná nejdříve typem, což může být např.
%    - BOOK - kniha
%    - ONLINE - zdroj z webu
%    - ARTICLE - článek z časopisu apod.
% Dále je na první řádku jméno, což je identifikátor, pomocí kterého se na danou referenci budete odkazovat
% Poté obsahuje samotné údaje, tedy autora, název apod.

% Pro přehlednost doporučuji používat identifikátory ve tvaru AutorKnihy:NazevDila
% Identifikátory však nesmí obsahovat mezeny, doporučuji nepoužívat diakritiku.

% Jmenuje-li se např. záznam Bartsch:Vzorce, je možné se na něj odkázat takto:
% \cite{Bartsch:Vzorce}

% Kvůli problémům s češtinou je třeba diakritiku u autora zadávat poněkud složitějí
%	háček \+x
%	čárka \'x
% Tedy např. Šťastný napíšeme jako \+S\+tastn\'y

% Zde uvádím několik příkladů - knihu, článek a webovou stránku
% Na některé tyto příklady se také odkazuji

@BOOK{Rychetnik:Motory,
	author = " V\'aclav Rychetn\'ik",
	title = "V\+etrn\'e motory a elektr\'arny",
	address = "Praha",
	publisher = "ČVUT",
	year = "1997",
	volume = "Vyd.~1.",
	isbn = "80-010-1563-7",
}

@BOOK{Crome:Technika,
	author = "Horst Crome",
	title = "Technika vyu\+zit\'i energie v\+etru",
	address = "Ostrava",
	publisher = "HEL",
	year = "2002",
	volume = "1.~\+cesk\'e vyd.",
	isbn = "80-861-6719-4",
}

@BOOK{Hallenga:Elektrarna,
	author = "Uwe Hallenga",
	title = "Mal\'a v\+trn\'a elektr\'arna",
	address = "Ostrava",
	publisher = "HEL",
	year = "2006",
	volume = "2.~p\+repr. a roz\+s. vyd.",
	isbn = "80-861-6727-5",
}



@ONLINE{ve:ve,
	title = "Malé větrné elektrárny",
	cited = "8.\,4.\,2012",
	year = "2009",
	month = "20. 8.",
	url = "http://ve.ic.cz",
}

@ONLINE{profil,
	title = "Airfoil Investigation Database",
	cited = "8.\,4.\,2012",
	year = "2012",
	month = "25. 2.",
	url = "http://http://www.worldofkrauss.com/",
}

@ONLINE{betz,
	title = "Wikipedia - Albert Betz",
	cited = "8.\,4.\,2012",
	year = "2012",
	month = "20. 2.",
	url = "http://en.wikipedia.org/wiki/Albert_Betz",
}

@ONLINE{winglet,
	title = "Wikipedia - Wingtip Device",
	cited = "8.\,4.\,2012",
	year = "2012",
	month = "2. 4.",
	url = "http://en.wikipedia.org/wiki/Wingtip_device",
}

@ONLINE{dar,
	title = "Wikipedia - Darrieus wind turbine",
	cited = "8.\,4.\,2012",
	year = "2012",
	month = "11. 3.",
	url = "http://en.wikipedia.org/wiki/Darrieus_wind_turbine",
}
